@inproceedings{claes2014maintainability,
  title={On the maintainability of CRAN packages},
  author={Claes, Ma{\"e}lick and Mens, Tom and Grosjean, Philippe},
  booktitle={2014 Software Evolution Week-IEEE Conference on Software Maintenance, Reengineering, and Reverse Engineering (CSMR-WCRE)},
  pages={308--312},
  year={2014},
  organization={IEEE}
}

@inproceedings{decan2015development,
  title={On the development and distribution of R packages: An empirical analysis of the R ecosystem},
  author={Decan, Alexandre and Mens, Tom and Claes, Maelick and Grosjean, Philippe},
  booktitle={Proceedings of the 2015 european conference on software architecture workshops},
  pages={41},
  year={2015},
  organization={ACM}
}


@Article{eddelbuettel2017,
    title = {{Extending extit{R} with extit{C++}: A Brief Introduction
      to extit{Rcpp}}},
    author = {Dirk Eddelbuettel and James Joseph Balamuta},
    journal = {PeerJ Preprints},
    year = {2017},
    month = {aug},
    volume = {5},
    pages = {e3188v1},
    issn = {2167-9843},
    url = {https://doi.org/10.7287/peerj.preprints.3188v1},
    doi = {10.7287/peerj.preprints.3188v1},
  }


@inproceedings{german2013evolution,
  title={The evolution of the R software ecosystem},
  author={German, Daniel M and Adams, Bram and Hassan, Ahmed E},
  booktitle={2013 17th European Conference on Software Maintenance and Reengineering},
  pages={243--252},
  year={2013},
  organization={IEEE}
}



@article{plakidas2017evolution,
  title={Evolution of the R software ecosystem: Metrics, relationships, and their impact on qualities},
  author={Plakidas, Konstantinos and Schall, Daniel and Zdun, Uwe},
  journal={Journal of Systems and Software},
  volume={132},
  pages={119--146},
  year={2017},
  publisher={Elsevier}
}


@misc{RcppModulesvignette,
  title = {RcppModules Vignette},
  howpublished = {\url{https://CRAN.R-project.org/package=Rcpp/vignettes/Rcpp-modules.pdf}}
}


@Book{xie2015,
  title = {Dynamic Documents with R and knitr},
  author = {Yihui Xie},
  publisher = {Chapman and Hall/CRC},
  address = {Boca Raton, Florida},
  year = {2015},
  edition = {2nd},
  note = {ISBN 978-1498716963},
  url = {http://yihui.name/knitr/},
}


@Book{xie2018r,
  title={R markdown: The definitive guide},
  author={Xie, Yihui and Allaire, Joseph J and Grolemund, Garrett},
  year={2018},
  publisher={Chapman and Hall/CRC}
}

