@Book{xie2018r,
  title={R markdown: The definitive guide},
  author={Xie, Yihui and Allaire, Joseph J and Grolemund, Garrett},
  year={2018},
  publisher={Chapman and Hall/CRC}
}

@Book{xie2015,
  title = {Dynamic Documents with R and knitr},
  author = {Yihui Xie},
  publisher = {Chapman and Hall/CRC},
  address = {Boca Raton, Florida},
  year = {2015},
  edition = {2nd},
  note = {ISBN 978-1498716963},
  url = {http://yihui.name/knitr/},
}

@Article{eddelbuettel2017,
    title = {{Extending extit{R} with extit{C++}: A Brief Introduction
      to extit{Rcpp}}},
    author = {Dirk Eddelbuettel and James Joseph Balamuta},
    journal = {PeerJ Preprints},
    year = {2017},
    month = {aug},
    volume = {5},
    pages = {e3188v1},
    issn = {2167-9843},
    url = {https://doi.org/10.7287/peerj.preprints.3188v1},
    doi = {10.7287/peerj.preprints.3188v1},
  }


@misc{RcppModulesvignette,
  title = {RcppModules Vignette},
  howpublished = {\url{https://CRAN.R-project.org/package=Rcpp/vignettes/Rcpp-modules.pdf}}
}
